<?xml version="1.0" encoding="UTF-8"?><record xmlns="http://www.loc.gov/MARC21/slim" xmlns:cinclude="http://apache.org/cocoon/include/1.0" xmlns:zs="http://www.loc.gov/zing/srw/">
  <leader>00874cz  a2200193n  4500</leader>
  <controlfield tag="001">no2011033120</controlfield>
  <controlfield tag="003">DLC</controlfield>
  <controlfield tag="005">20130327091933.0</controlfield>
  <controlfield tag="008">110302n| acannaabn          |a aaa     c</controlfield>
  <datafield tag="010" ind1=" " ind2=" ">
    <subfield code="a">no2011033120</subfield>
  </datafield>
  <datafield tag="035" ind1=" " ind2=" ">
    <subfield code="a">(OCoLC)oca08784374</subfield>
  </datafield>
  <datafield tag="040" ind1=" " ind2=" ">
    <subfield code="a">UPB</subfield>
    <subfield code="b">eng</subfield>
    <subfield code="c">UPB</subfield>
    <subfield code="d">DLC</subfield>
  </datafield>
  <datafield tag="046" ind1=" " ind2=" ">
    <subfield code="k">1970</subfield>
    <subfield code="l">1973</subfield>
  </datafield>
  <datafield tag="100" ind1="0" ind2=" ">
    <subfield code="a">Guerric,</subfield>
    <subfield code="c">of Igny, Abbot of Igny,</subfield>
    <subfield code="d">-approximately 1157.</subfield>
    <subfield code="t">Sermones.</subfield>
    <subfield code="l">Latin &amp; French</subfield>
  </datafield>
  <datafield tag="336" ind1=" " ind2=" ">
    <subfield code="a">text</subfield>
    <subfield code="2">rdacontent</subfield>
  </datafield>
  <datafield tag="400" ind1="0" ind2=" ">
    <subfield code="a">Guerric,</subfield>
    <subfield code="c">of Igny, Abbot of Igny,</subfield>
    <subfield code="d">-approximately 1157.</subfield>
    <subfield code="t">Sermons</subfield>
  </datafield>
  <datafield tag="400" ind1="0" ind2=" ">
    <subfield code="w">nnea</subfield>
    <subfield code="a">Guerric,</subfield>
    <subfield code="c">of Igny, Abbot of Igny,</subfield>
    <subfield code="d">d. ca. 1157.</subfield>
    <subfield code="t">Sermones.</subfield>
    <subfield code="l">Latin &amp; French</subfield>
  </datafield>
  <datafield tag="667" ind1=" " ind2=" ">
    <subfield code="a">THIS 1XX FIELD CANNOT BE USED UNDER RDA UNTIL THIS RECORD HAS BEEN REVIEWED AND/OR UPDATED</subfield>
  </datafield>
  <datafield tag="670" ind1=" " ind2=" ">
    <subfield code="a">Guerric. Sermons, 1970-1973:</subfield>
    <subfield code="b">t. 1 t.p. (introduction, texte critique et notes par John Morson et Hilary Costello ; traduction sous la direction de Placide Deseille)</subfield>
  </datafield>
</record>